@article{ZharkovaHewlett-MeasuringLingualCoarticulation-2009-actual,
  title = {Measuring Lingual Coarticulation from Midsagittal Tongue Contours: Description and Example Calculations Using {{English}} /\textipa{t}/ and /\textipa{A}/},
  author = {Zharkova, N. and Hewlett, N.},
  year = {2009},
  journal = {Journal of Phonetics},
  volume = {37},
  pages = {248--256}
}